@article{m1_0,
  title={Face verification across age progression using discriminative methods},
  author={Ling, Haibin and Soatto, Stefano and Ramanathan, Narayanan and Jacobs, David W},
  journal={IEEE Transactions on Information Forensics and security},
  volume={5},
  number={1},
  pages={82--91},
  year={2009},
  publisher={IEEE}
}
@article{m1_1,
  title={A survey of 2D face recognition techniques},
  author={Chihaoui, Mejda and Elkefi, Akram and Bellil, Wajdi and Ben Amar, Chokri},
  journal={Computers},
  volume={5},
  number={4},
  pages={21},
  year={2016},
  publisher={Multidisciplinary Digital Publishing Institute}
}
@article{m2_1,
  title={Age estimation of face images based on CNN and divide-and-rule strategy},
  author={Liao, Haibin and Yan, Yuchen and Dai, Wenhua and Fan, Ping},
  journal={Mathematical Problems in Engineering},
  volume={2018},
  year={2018},
  publisher={Hindawi}
}
@article{m2_2,
  title={Group-aware deep feature learning for facial age estimation},
  author={Liu, Hao and Lu, Jiwen and Feng, Jianjiang and Zhou, Jie},
  journal={Pattern Recognition},
  volume={66},
  pages={82--94},
  year={2017},
  publisher={Elsevier}
}
@inproceedings{m2_3,
  title={Learning long term face aging patterns from partially dense aging databases},
  author={Suo, Jinli and Chen, Xilin and Shan, Shiguang and Gao, Wen},
  booktitle={2009 IEEE 12th International Conference on Computer Vision},
  pages={622--629},
  year={2009},
  organization={IEEE}
}
@inproceedings{m2_4,
  title={Age simulation for face recognition},
  author={Wang, Junyan and Shang, Yan and Su, Guangda and Lin, Xinggang},
  booktitle={18th International Conference on Pattern Recognition (ICPR'06)},
  volume={3},
  pages={913--916},
  year={2006},
  organization={IEEE}
}
@inproceedings{m2_5,
  title={Deepface: Closing the gap to human-level performance in face verification},
  author={Taigman, Yaniv and Yang, Ming and Ranzato, Marc'Aurelio and Wolf, Lior},
  booktitle={Proceedings of the IEEE conference on computer vision and pattern recognition},
  pages={1701--1708},
  year={2014}
}
@inproceedings{m2_6,
  title={When face recognition meets with deep learning: an evaluation of convolutional neural networks for face recognition},
  author={Hu, Guosheng and Yang, Yongxin and Yi, Dong and Kittler, Josef and Christmas, William and Li, Stan Z and Hospedales, Timothy},
  booktitle={Proceedings of the IEEE international conference on computer vision workshops},
  pages={142--150},
  year={2015}
}
@inproceedings{m2_7,
  title={A deep joint learning approach for age invariant face verification},
  author={Li, Ya and Wang, Guangrun and Lin, Liang and Chang, Huiyou},
  booktitle={CCF Chinese Conference on Computer Vision},
  pages={296--305},
  year={2015},
  organization={Springer}
}
@article{m2_8,
  title={Modified hidden factor analysis for cross-age face recognition},
  author={Li, Haoxi and Zou, Haoshan and Hu, Haifeng},
  journal={IEEE Signal Processing Letters},
  volume={24},
  number={4},
  pages={465--469},
  year={2017},
  publisher={IEEE}
}
@article{m2_9,
  title={Demographic-assisted age-invariant face recognition and retrieval},
  author={Sajid, Muhammad and Shafique, Tamoor and Manzoor, Sohaib and Iqbal, Faisal and Talal, Hassan and Samad Qureshi, Usama and Riaz, Imran},
  journal={Symmetry},
  volume={10},
  number={5},
  pages={148},
  year={2018},
  publisher={Multidisciplinary Digital Publishing Institute}
}
@article{m2_10,
  title={Age progression in human faces: A survey},
  author={Ramanathan, Narayanan and Chellappa, Rama and Biswas, Soma and others},
  journal={Journal of Visual Languages and Computing},
  volume={15},
  pages={3349--3361},
  year={2009},
  publisher={Citeseer}
}
@article{m2_11,
  title={Computational methods for modeling facial aging: A survey},
  author={Ramanathan, Narayanan and Chellappa, Rama and Biswas, Soma},
  journal={Journal of Visual Languages \& Computing},
  volume={20},
  number={3},
  pages={131--144},
  year={2009},
  publisher={Elsevier}
}
@article{m2_12,
  title={A discriminative model for age invariant face recognition},
  author={Li, Zhifeng and Park, Unsang and Jain, Anil K},
  journal={IEEE transactions on information forensics and security},
  volume={6},
  number={3},
  pages={1028--1037},
  year={2011},
  publisher={IEEE}
}
@inproceedings{m2_13,
  title={Efficient face recognition with compensation for aging variations},
  author={Nayak, Jyothi S and Indiramma, M},
  booktitle={2012 Fourth International Conference on Advanced Computing (ICoAC)},
  pages={1--5},
  year={2012},
  organization={IEEE}
}
@article{m2_14,
  title={Age-invariant face recognition},
  author={Park, Unsang and Tong, Yiying and Jain, Anil K},
  journal={IEEE transactions on pattern analysis and machine intelligence},
  volume={32},
  number={5},
  pages={947--954},
  year={2010},
  publisher={IEEE}
}
@article{m2_15,
  title={A survey of the effects of aging on biometric identity verification},
  author={Lanitis, Andreas},
  journal={International Journal of Biometrics},
  volume={2},
  number={1},
  pages={34--52},
  year={2010},
  publisher={Inderscience Publishers}
}
@inproceedings{m2_16,
  title={Modeling age progression in young faces},
  author={Ramanathan, Narayanan and Chellappa, Rama},
  booktitle={2006 IEEE Computer Society Conference on Computer Vision and Pattern Recognition (CVPR'06)},
  volume={1},
  pages={387--394},
  year={2006},
  organization={IEEE}
}
@inproceedings{m2_17,
  title={Modeling shape and textural variations in aging faces},
  author={Ramanathan, Narayanan and Chellappa, Rama},
  booktitle={2008 8th IEEE International Conference on Automatic Face \& Gesture Recognition},
  pages={1--8},
  year={2008},
  organization={IEEE}
}
@incollection{m2_18,
  title={Computer Vision Using Local Binary Patterns},
  author={Pietik{\"a}inen, Matti and Hadid, Abdenour and Zhao, Guoying and Ahonen, Timo},
  booktitle={Computer Vision Using Local Binary Patterns},
  pages={E1--E2},
  year={2011},
  publisher={Springer}
}
@inproceedings{m2_19,
  title={Multiview discriminative learning for age-invariant face recognition},
  author={Sungatullina, Diana and Lu, Jiwen and Wang, Gang and Moulin, Pierre},
  booktitle={2013 10th IEEE International Conference and Workshops on Automatic Face and Gesture Recognition (FG)},
  pages={1--6},
  year={2013},
  organization={IEEE}
}
@inproceedings{m2_20,
  title={Age-invariant face recognition using shape transformation},
  author={Jain, Shubham and Nigam, Aditya and Gupta, Phalguni},
  booktitle={International Conference on Intelligent Computing},
  pages={453--461},
  year={2013},
  organization={Springer}
}
@article{m2_21,
  title={The role of facial asymmetry in recognizing age-separated face images},
  author={Sajid, Muhammad and Taj, Imtiaz Ahmad and Bajwa, Usama Ijaz and Ratyal, Naeem Iqbal},
  journal={Computers \& Electrical Engineering},
  volume={54},
  pages={255--270},
  year={2016},
  publisher={Elsevier}
}
@article{m2_22,
  title={Local descriptors in application to the aging problem in face recognition},
  author={Bereta, Micha{\l} and Karczmarek, Pawe{\l} and Pedrycz, Witold and Reformat, Marek},
  journal={Pattern Recognition},
  volume={46},
  number={10},
  pages={2634--2646},
  year={2013},
  publisher={Elsevier}
}
@article{m2_23,
  title={A discriminative model for age invariant face recognition},
  author={Li, Zhifeng and Park, Unsang and Jain, Anil K},
  journal={IEEE transactions on information forensics and security},
  volume={6},
  number={3},
  pages={1028--1037},
  year={2011},
  publisher={IEEE}
}
@inproceedings{m2_24,
  title={Investigating age invariant face recognition based on periocular biometrics},
  author={Juefei-Xu, Felix and Luu, Khoa and Savvides, Marios and Bui, Tien D and Suen, Ching Y},
  booktitle={2011 International Joint Conference on Biometrics (IJCB)},
  pages={1--7},
  year={2011},
  organization={IEEE}
}
@inproceedings{m2_25,
  title={A comparative study of age-invariant face recognition with different feature representations},
  author={Meng, Cui and Lu, Jiwen and Tan, Yap-Peng},
  booktitle={2010 11th International Conference on Control Automation Robotics \& Vision},
  pages={890--895},
  year={2010},
  organization={IEEE}
}
@inproceedings{m2_26,
  title={Can discriminative cues aid face recognition across age?},
  author={Mahalingam, Gayathri and Kambhamettu, Chandra},
  booktitle={Face and Gesture 2011},
  pages={206--212},
  year={2011},
  organization={IEEE}
}
@article{m2_28,
  title={Age-invariant face recognition system using combined shape and texture features},
  author={Ali, Amal Seralkhatem Osman and Sagayan, Vijanth and Saeed, Aamir Malik and Ameen, Hassan and Aziz, Azrina},
  journal={IET Biometrics},
  volume={4},
  number={2},
  pages={98--115},
  year={2015},
  publisher={IET}
}
@article{boussaad,
  title={An effective component-based age-invariant face recognition using Discriminant Correlation Analysis.},
  author={Boussaad, Leila and Boucetta, Aldjia},
  journal={Journal of King Saud University-Computer and Information Sciences},
  year={2020},
  publisher={Elsevier}
}
@inproceedings{m2_29,
  title={Modeling self-Principal Component Analysis for age invariant face recognition},
  author={Nayak, Jyothi S and Indiramma, M and Nagarathna, N},
  booktitle={2012 IEEE International Conference on Computational Intelligence and Computing Research},
  pages={1--5},
  year={2012},
  organization={IEEE}
}
@article{m2_32,
  title={Face recognition and retrieval using cross-age reference coding with cross-age celebrity dataset},
  author={Chen, Bor-Chun and Chen, Chu-Song and Hsu, Winston H},
  journal={IEEE Transactions on Multimedia},
  volume={17},
  number={6},
  pages={804--815},
  year={2015},
  publisher={IEEE}
}
@inproceedings{m2_33,
  title={Agedb: the first manually collected, in-the-wild age database},
  author={Moschoglou, Stylianos and Papaioannou, Athanasios and Sagonas, Christos and Deng, Jiankang and Kotsia, Irene and Zafeiriou, Stefanos},
  booktitle={Proceedings of the IEEE Conference on Computer Vision and Pattern Recognition Workshops},
  pages={51--59},
  year={2017}
}
@online{FG-NET,
author = {Face, group },
title = {FG-NET aging database },
year = {2000},
url = {https://web.archive.org/web/20070217193535/http://www.fgnet.rsunit.com/},
}
@INPROCEEDINGS{morph, 
author={K. {Ricanek} and T. {Tesafaye}},  
booktitle={7th International Conference on Automatic Face and Gesture Recognition (FGR06)},   
title={MORPH: a longitudinal image database of normal adult age-progression},   
year={2006},  
volume={},  
number={},  
pages={341-345},}

@inproceedings{m3_1,
  title={Convolutional networks and applications in vision},
  author={LeCun, Yann and Kavukcuoglu, Koray and Farabet, Cl{\'e}ment},
  booktitle={Proceedings of 2010 IEEE international symposium on circuits and systems},
  pages={253--256},
  year={2010},
  organization={IEEE}
}
@inproceedings{m3_2,
  title={Handwritten digit recognition with a back-propagation network},
  author={LeCun, Yann and Boser, Bernhard E and Denker, John S and Henderson, Donnie and Howard, Richard E and Hubbard, Wayne E and Jackel, Lawrence D},
  booktitle={Advances in neural information processing systems},
  pages={396--404},
  year={1990}
}
@inproceedings{m3_3,
  title={A neural network hybrid recommender system},
  author={Postorino, Maria Nadia and Sarne, Giuseppe ML},
  booktitle={Proceedings of the 2011 conference on neural Nets WIRN10},
  pages={180--187},
  year={2011}
}
@inproceedings{m3_4,
  title={Flexible, high performance convolutional neural networks for image classification},
  author={Ciresan, Dan Claudiu and Meier, Ueli and Masci, Jonathan and Gambardella, Luca Maria and Schmidhuber, J{\"u}rgen},
  booktitle={Twenty-second international joint conference on artificial intelligence},
  year={2011}
}
@book{m3_5,
  title={Deep learning in natural language processing},
  author={Deng, Li and Liu, Yang},
  year={2018},
  publisher={Springer}
}
@INPROCEEDINGS{m3_6,  
author={A. {Anand} and R. D. {Labati} and A. {Genovese} and E. {Muñoz} and V. {Piuri} and F. {Scotti}},  booktitle={2017 IEEE Symposium Series on Computational Intelligence (SSCI)},   
title={Age estimation based on face images and pre-trained convolutional neural networks},   
year={2017},  
pages={1-7},}
@article{m3_7,
  title={Age-invariant face recognition based on deep features analysis},
  author={Moustafa, Amal A and Elnakib, Ahmed and Areed, Nihal FF},
  journal={Signal, Image and Video Processing},
  pages={1--8},
  year={2020},
  publisher={Springer}
}
%%%%%%%%%%%%%%%%%%%%%%%%%%%%%%%%%%%%%%%%%%
%%%%%%%%%%%%%%%%%%%%%%%%%%%%%%%%ùù
%%%%%%%ref chapitre 1   %%%%%%%%%%%%%

@inbook{RN2017,
author = {Djeriri, Youcef},
year = {2017},
month = {09},
pages = {},
title = {Les Réseaux de Neurones Artificiels}
}

@PhdThesis{bl,
author = {Leila BOUSSAAD},
title = {Recherche par indexation d'images par le contenu},
year = {2017},
school= {Université Batna 2}
}

@phdthesis{moualek2017deep,
  title={Deep Learning pour la classification des images.},
  author={Moualek, Djaloul Youcef},
  year={2017},
  school={07-03-2017}
}
@article{ApplcationDeep2018,
  title={A survey of deep learning: Platforms, applications and emerging research trends},
  author={Hatcher, William Grant and Yu, Wei},
  journal={IEEE Access},
  volume={6},
  pages={24411--24432},
  year={2018},
  publisher={IEEE}
}
@book{Deep2016,
    title={Deep Learning},
    author={Ian Goodfellow and Yoshua Bengio and Aaron Courville},
    publisher={MIT Press},
    note={\url{http://www.deeplearningbook.org}},
    year={2016}
}
@article{Deep2018,
  title={A non-technical survey on deep convolutional neural network architectures},
  author={Altenberger, Felix and Lenz, Claus},
  journal={arXiv preprint arXiv:1803.02129},
  year={2018}
}

@incollection{RNA2011,
author = {Andrej Krenker and Janez Bester and Andrej Kos},
title = {Introduction to the Artificial Neural Networks},
booktitle = {Artificial Neural Networks},
publisher = {IntechOpen},
address = {Rijeka},
year = {2011},
editor = {Kenji Suzuki},
chapter = {1},
doi = {10.5772/15751},
url = {https://doi.org/10.5772/15751}
}
@article{CNN2015,
  title={An introduction to convolutional neural networks},
  author={O'Shea, Keiron and Nash, Ryan},
  journal={arXiv preprint arXiv:1511.08458},
  year={2015}
}

@inproceedings{deep2014,
  title={Deep generative stochastic networks trainable by backprop},
  author={Bengio, Yoshua and Laufer, Eric and Alain, Guillaume and Yosinski, Jason},
  booktitle={International Conference on Machine Learning},
  pages={226--234},
  year={2014}
}

@article{deep2015,
  title={Deep learning in neural networks: An overview},
  author={Schmidhuber, J{\"u}rgen},
  journal={Neural networks},
  volume={61},
  pages={85--117},
  year={2015},
  publisher={Elsevier}
}



@inproceedings{krizhevsky2012imagenet,
  title={Imagenet classification with deep convolutional neural networks},
  author={Krizhevsky, Alex and Sutskever, Ilya and Hinton, Geoffrey E},
  booktitle={Advances in neural information processing systems},
  pages={1097--1105},
  year={2012}
}
@inproceedings{Resnet2016,
  title={Deep residual learning for image recognition},
  author={He, Kaiming and Zhang, Xiangyu and Ren, Shaoqing and Sun, Jian},
  booktitle={Proceedings of the IEEE conference on computer vision and pattern recognition},
  pages={770--778},
  year={2016}
}


@article{SqueezeNet2016,
  title={SqueezeNet: AlexNet-level accuracy with 50x fewer parameters and {\textless}1MB},
  author={Iandola, Forrest N and Han, Song and Moskewicz, Matthew W and Ashraf, Khalid and Dally, William J and Keutzer, Kurt},
  journal={arXiv preprint arXiv:1602.07360},
  year={2016}
}
@article{RNN2014,
  title={A recursive recurrent neural network for statistical machine translation},
  author={Liu, Shujie and Yang, Nan and Li, Mu and Zhou, Ming},
  year={2014}
}

@book{deep2017,
  title={Deep learning: A practitioner's approach},
  author={Patterson, Josh and Gibson, Adam},
  year={2017},
  publisher={" O'Reilly Media, Inc."}
}